@online{wikiModules,
    title = {Modules},
    url = {https://hpc-wiki.info/hpc/Modules}, 
},
@online{ComputeResources,
    title = {Environment Modules},
    url = {https://www.ci.inf.usi.ch/research/resources/}, 
},
@online{slurmDoc,
    title = {overview},
    url = {https://slurm.schedmd.com/quickstart.html}
},
@online{L1,
    title = {History},
    url = {https://en.wikipedia.org/wiki/CPU_cache}
},
@book{hager2010introduction,
  title={Introduction to High Performance Computing for Scientists and Engineers},
  author={Hager, Georg and Wellein, Gerhard},
  year={2010},
  publisher={CRC Press},
}