@book{hager2010introduction,
  title={Introduction to High Performance Computing for Scientists and Engineers},
  author={Hager, Georg and Wellein, Gerhard},
  year={2010},
  publisher={CRC Press},
}